<?xml version="1.0" encoding="UTF-8"?><record xmlns="http://www.loc.gov/MARC21/slim" xmlns:cinclude="http://apache.org/cocoon/include/1.0" xmlns:zs="http://www.loc.gov/zing/srw/">
  <leader>00646nz  a2200157n  4500</leader>
  <controlfield tag="001">no2002037774</controlfield>
  <controlfield tag="003">DLC</controlfield>
  <controlfield tag="005">20020503052404.0</controlfield>
  <controlfield tag="008">020502n| acannaabn          |a ana     c</controlfield>
  <datafield tag="010" ind1=" " ind2=" ">
    <subfield code="a">no2002037774</subfield>
  </datafield>
  <datafield tag="035" ind1=" " ind2=" ">
    <subfield code="a">(OCoLC)oca05752319</subfield>
  </datafield>
  <datafield tag="040" ind1=" " ind2=" ">
    <subfield code="a">OCl</subfield>
    <subfield code="b">eng</subfield>
    <subfield code="c">OCl</subfield>
  </datafield>
  <datafield tag="110" ind1="2" ind2=" ">
    <subfield code="a">TechTV (Television network)</subfield>
  </datafield>
  <datafield tag="410" ind1="2" ind2=" ">
    <subfield code="a">Tech TV (Television network)</subfield>
  </datafield>
  <datafield tag="670" ind1=" " ind2=" ">
    <subfield code="a">Digital video for the desktop, 2001?:</subfield>
    <subfield code="b">cassette label (TechTV) container (cable television channel; cable network distributed to 70 countries)</subfield>
  </datafield>
  <datafield tag="670" ind1=" " ind2=" ">
    <subfield code="a">TechTV via WWW, May 2, 2002:</subfield>
    <subfield code="b">FAQ (TechTV; based in San Francisco, Calif.; owned by Paul Allen's Vulcan Ventures, Inc. of Bellevue, Wash.)</subfield>
  </datafield>
</record>